<record><leader>00000cas a22000007a 4500</leader><controlfield tag="001">12317693</controlfield><controlfield tag="008">850729d19031971njuwr ne      0    0eng d</controlfield><datafield ind1=" " ind2=" " tag="010"><subfield code="a">sn 85035841 </subfield></datafield><datafield ind1=" " ind2=" " tag="040"><subfield code="a">NPA</subfield><subfield code="b">eng</subfield><subfield code="c">NPA</subfield><subfield code="d">NJW</subfield><subfield code="d">OCLCQ</subfield></datafield><datafield ind1=" " ind2=" " tag="042"><subfield code="a">msc</subfield></datafield><datafield ind1="0" ind2="0" tag="245"><subfield code="a">Allentown messenger.</subfield></datafield><datafield ind1=" " ind2=" " tag="260"><subfield code="a">Allentown, Monmouth Co., N.J. :</subfield><subfield code="b">J.W. Naylor,</subfield><subfield code="c">1903-1971.</subfield></datafield><datafield ind1=" " ind2=" " tag="300"><subfield code="a">v. :</subfield><subfield code="b">ill.</subfield></datafield><datafield ind1=" " ind2=" " tag="310"><subfield code="a">Weekly</subfield></datafield><datafield ind1="0" ind2=" " tag="362"><subfield code="a">Vol. 1, no. 1 (Oct. 22, 1903)-v. 69, no. 3857 (Dec. 30, 1971).</subfield></datafield><datafield ind1=" " ind2=" " tag="530"><subfield code="a">Also issued on microfilm by Norton Micro Images.</subfield></datafield><datafield ind1=" " ind2=" " tag="752"><subfield code="a">United States</subfield><subfield code="b">New Jersey</subfield><subfield code="c">Monmouth</subfield><subfield code="d">Allentown.</subfield></datafield><datafield ind1="0" ind2="0" tag="785"><subfield code="t">Allentown messenger, Millstone press</subfield><subfield code="w">(DLC)sn 85035842</subfield><subfield code="w">(OCoLC)12317707</subfield></datafield></record>